@article{backlund2010games,
  title={Games for traffic education: An experimental study of a game-based driving simulator},
  author={Backlund, Per and Engstr{\"o}m, Henrik and Johannesson, Mikael and Lebram, Mikael},
  journal={Simulation \& Gaming},
  volume={41},
  number={2},
  pages={145--169},
  year={2010},
  publisher={Sage Publications Sage CA: Los Angeles, CA}
}

@inproceedings{backlund2006computer,
  title={Computer gaming and driving education},
  author={Backlund, Per and Engstr{\"o}m, Henrik and Johannesson, Mikael},
  booktitle={Proceedings of the workshop Pedagogical Design of Educational Games affiliated to ICCE},
  year={2006}
}


@article{larue2018enhancing,
  title={Enhancing driver education with driving simulators: What do novice drivers perceive as effective?},
  author={Larue, Gregoire S and Rodwell, David and Bates, Lyndel and Hawkins, Alana and Haworth, Narelle},
  year={2018}
}

@inproceedings{vlakveld2005use,
  title={The use of simulators in basic driver training},
  author={Vlakveld, Willem Pieter},
  booktitle={Humanist TFG Workshop on the Application of New Technologies to Driver Training, Brno, Czech Republic. Available at: www.escope.info/download/ research\_and\_development/ HUMANISTA\_13Use.pdf},
  year={2005}
}


@article{ihemedu2015development,
  title={Development and evaluation of a virtual reality driving simulator},
  author={Ihemedu-Steinke, Quinate Chioma and Sirim, Demet and Erbach, Rainer and Halady, Prashanth and Meixner, Gerrit},
  journal={Mensch und Computer 2015 -- Workshopband},
  year={2015},
  publisher={De Gruyter Oldenbourg}, 
  pages={491--500}
}

@article{arnett1990drunk,
  title={Drunk driving, sensation seeking, and egocentrism among adolescents},
  author={Arnett, Jeffrey},
  journal={Personality and individual differences},
  volume={11},
  number={6},
  pages={541--546},
  year={1990},
  publisher={Elsevier}
}

@inproceedings{von2016cyber,
  title={Cyber sick but still having fun},
  author={Von Mammen, Sebastian and Knote, Andreas and Edenhofer, Sarah},
  booktitle={Proceedings of the 22nd ACM Conference on Virtual Reality Software and Technology},
  pages={325--326},
  year={2016}
}

@article{hettinger1992visually,
  title={Visually induced motion sickness in virtual environments},
  author={Hettinger, Lawrence J and Riccio, Gary E},
  journal={Presence: Teleoperators \& Virtual Environments},
  volume={1},
  number={3},
  pages={306--310},
  year={1992},
  publisher={MIT Press}
}


@article{chen2006design,
  title={The design, development and evaluation of a virtual reality based learning environment},
  author={Chen, Chwen Jen},
  journal={Australasian Journal of Educational Technology},
  volume={22},
  number={1},
  year={2006},
  pages={39--63}
}

@article{cremer1996driving,
  title={Driving simulation: challenges for VR technology},
  author={Cremer, James and Kearney, Joseph and Papelis, Yiannis},
  journal={IEEE Computer Graphics and Applications},
  volume={16},
  number={5},
  pages={16--20},
  year={1996},
  publisher={IEEE}
}

@article{waller1998transfer,
  title={The transfer of spatial knowledge in virtual environment training},
  author={Waller, David and Hunt, Earl and Knapp, David},
  journal={Presence: Virtual and Augmented Reality},
  volume={7},
  number={2},
  pages={129--143},
  year={1998},
  publisher={MIT Press}
}

@article{clifasefi2006blind,
  title={Blind drunk: The effects of alcohol on inattentional blindness},
  author={Clifasefi, Seema L and Takarangi, Melanie KT and Bergman, Jonah S},
  journal={Applied Cognitive Psychology: The Official Journal of the Society for Applied Research in Memory and Cognition},
  volume={20},
  number={5},
  pages={697--704},
  year={2006},
  publisher={Wiley Online Library}
}

@article{do2007effects,
  title={Effects of acute alcohol intoxication on visuospatial attention},
  author={do Canto-Pereira, Luiz Henrique M and David, Isabel de PA and Machado-Pinheiro, Walter and Ranvaud, Ronald D},
  journal={Human \& experimental toxicology},
  volume={26},
  number={4},
  pages={311--319},
  year={2007},
  publisher={Sage Publications Sage UK: London, England}
}

@article{miller1991effect,
  title={The effect of ingested alcohol on fusion latency at various viewing distances},
  author={Miller, RJ},
  journal={Perception \& psychophysics},
  volume={50},
  number={6},
  pages={575--583},
  year={1991},
  publisher={Springer}
}

@book{cassin1984dictionary,
  title={Dictionary of eye terminology},
  author={Cassin, Barbara and Rubin, Melvin L and Solomon, Sheila},
  volume={10},
  year={1984},
  publisher={Triad Publishing Company Gainsville}
}


@article{moser1998effect,
  title={The effect of oral ethanol consumption on eye movements in healthy volunteers},
  author={Moser, A and Heide, Wolfgang and K{\"o}mpf, Detlef},
  journal={Journal of Neurology},
  volume={245},
  number={8},
  pages={542--550},
  year={1998},
  publisher={Springer}
}

@article{wang2018moderate,
  title={Moderate acute alcohol intoxication increases visual motion repulsion},
  author={Wang, Zhengchun and Wang, Huan and Tzvetanov, Tzvetomir and Zhou, Yifeng},
  journal={Scientific reports},
  volume={8},
  number={1},
  pages={1--8},
  year={2018},
  publisher={Nature Publishing Group}
}

@article{nicholson1995effects,
  title={Effects of moderate dose alcohol on visual contrast sensitivity for stationary and moving targets},
  author={Nicholson, Mary E and Andre, Jeffrey T and Tyrrell, Richard A and Wang, Minqi and Leibowitz, Herschel W},
  journal={Journal of studies on alcohol},
  volume={56},
  number={3},
  pages={261--266},
  year={1995},
  publisher={Rutgers University Piscataway, NJ}
}

@article{nieschalk1999effects,
  title={Effects of alcohol on body-sway patterns in human subjects},
  author={Nieschalk, M and Ortmann, C and West, A and Schm{\"a}l, F and Stoll, W and Fechner, G},
  journal={International journal of legal medicine},
  volume={112},
  number={4},
  pages={253--260},
  year={1999},
  publisher={Springer}
}

@article{simons1999gorillas,
  title={Gorillas in our midst: Sustained inattentional blindness for dynamic events},
  author={Simons, Daniel J and Chabris, Christopher F},
  journal={perception},
  volume={28},
  number={9},
  pages={1059--1074},
  year={1999},
  publisher={SAGE Publications Sage UK: London, England}
}

@article{steele1990alcohol,
  title={Alcohol myopia: its prized and dangerous effects.},
  author={Steele, Claude M and Josephs, Robert A},
  journal={American psychologist},
  volume={45},
  number={8},
  pages={921},
  year={1990},
  publisher={American Psychological Association}
}

@article{i1999effects,
  title={Effects of alcohol on divided attention and on accuracy of attentional shift},
  author={i Mir, Jaume Rosell{\'o} and Roca, Enric Munar and Arias, Ruth and Justo, Sonia},
  journal={Psychology in Spain},
  number={3},
  pages={69--74},
  year={1999},
  publisher={Colegio Oficial de Psic{\'o}logos de Madrid}
}

@article{leitao1999evaluation,
  title={Evaluation of driving education methods in a driving simulator},
  author={Leit{\~a}o, J Miguel and Moreira, Alexandra and Santos, Jorge A and Sousa, A Augusto and Ferreira, F Nunes},
  journal={COMPUTER GRAPHICS AND VISUALIZATION EDUCATION'99},
  year={1999}
}

@article{rogers1988occurrence,
  title={The occurrence of accelerator and brake pedal actuation errors during simulated driving},
  author={Rogers, Steven B and Wierwille, Walter W},
  journal={Human Factors},
  volume={30},
  number={1},
  pages={71--81},
  year={1988},
  publisher={SAGE Publications Sage CA: Los Angeles, CA}
}

@inproceedings{kemeny2014driving,
  title={From driving simulation to virtual reality},
  author={Kemeny, Andras},
  booktitle={Proceedings of the 2014 Virtual Reality International Conference},
  pages={1--5},
  year={2014}
}

@article{fell2014update,
  title={Update: Repeat DWI offenders involvement in fatal crashes in 2010},
  author={Fell, James C},
  journal={Traffic injury prevention},
  volume={15},
  number={5},
  pages={431--433},
  year={2014},
  publisher={Taylor \& Francis}
}

@article{alonso2015driving,
  title={Driving under the influence of alcohol: frequency, reasons, perceived risk and punishment},
  author={Alonso, Francisco and Pastor, Juan C and Montoro, Luis and Esteban, Cristina},
  journal={Substance abuse treatment, prevention, and policy},
  volume={10},
  number={1},
  pages={11},
  year={2015},
  publisher={Springer}
}

@article{jurecki2011test,
  title={The test methods and the reaction time of drivers},
  author={Jurecki, Rafal S and Stanczyk, Tomasz L},
  journal={Eksploatacja i Niezawodnosc-Maintenance and Reliability},
  number={3},
  pages={84--91},
  year={2011},
  publisher={POLISH MAINTENANCE SOC REDAKCJA KWARTALNIKA EKSPLOATACJA \& NIEZAWODNOSC, UL~â€¦}
}

@article{jansson2002decision,
  title={Decision making for collision avoidance systems},
  author={Jansson, Jonas and Johansson, Jonas and Gustafsson, Fredrik},
  journal={SAE Transactions},
  pages={197--204},
  year={2002},
  publisher={JSTOR}
}

@article{green2000long,
  title={" How long does it take to stop?" Methodological analysis of driver perception-brake times},
  author={Green, Marc},
  journal={Transportation human factors},
  volume={2},
  number={3},
  pages={195--216},
  year={2000},
  publisher={Taylor \& Francis}
}

@book{boff1988engineering,
  title={Engineering data compendium: Human perception and performance},
  author={Boff, Kenneth R and Lincoln, Janet E},
  volume={2},
  year={1988},
  publisher={Harry G. Armstrong Aerospace Medical Research Laboratory}
}

@article{maylor1993alcohol,
  title={Alcohol, reaction time and memory: A meta-analysis},
  author={Maylor, Elizabeth A and Rabbitt, Patrick MA},
  journal={British Journal of Psychology},
  volume={84},
  number={3},
  pages={301--317},
  year={1993},
  publisher={Wiley Online Library}
}

@article{brouwer1991divided,
  title={Divided attention in experienced young and older drivers: lane tracking and visual analysis in a dynamic driving simulator},
  author={Brouwer, Wiebo H and Waterink, Wim and Van Wolffelaar, Peter C and Rothengatter, Talib},
  journal={Human factors},
  volume={33},
  number={5},
  pages={573--582},
  year={1991},
  publisher={SAGE Publications Sage CA: Los Angeles, CA}
}

@article{iso201026022,
  title={Road vehicles--Ergonomic aspects of transport information and control systems--Simulated lane change test to assess in-vehicle secondary task demand.},
  author={ISO:26022},
  journal={International Organization for Standardization, Geneva, Switzerland},
  volume={24},
  year={2010}
}

@article{ostlund2005driving,
  title={Driving performance assessment-methods and metrics},
  author={{\"O}stlund, Joakim and Peters, Bj{\"o}rn and Thorslund, Birgitta and Engstr{\"o}m, Johan and Markkula, Gustav and Keinath, Andreas and Horst, Dorit and Juch, Susann and Mattes, Stefan and Foehl, Uli},
  journal={EU Deliverable, Adaptive Integrated Driver-Vehicle Interface Project (AIDE)},
  year={2005}
}

@article{birgmann2018simulation,
  title={VR-Fahrsimulator fÃ¼r gefÃ¤hrliche Verkehrssituationen durch Ablenkung im StraÃŸenverkehr},
  author={Christoph Birgmann},
  journal={Fachhochschule Salzburg, MultiMediaTechnology Bachelor Thesis},
  note={ https://gitlab.mediacube.at/fhs38512/Bakk2/-/tree/master},
  year={2018}
  }

@article{charness2012experimental,
  title={Experimental methods: Between-subject and within-subject design},
  author={Charness, Gary and Gneezy, Uri and Kuhn, Michael A},
  journal={Journal of Economic Behavior \& Organization},
  volume={81},
  number={1},
  pages={1--8},
  year={2012},
  publisher={Elsevier}
}

@article{hsu2005paired,
  title={Paired t test},
  author={Hsu, Henry and Lachenbruch, Peter A},
  journal={Encyclopedia of Biostatistics},
  volume={6},
  year={2005},
  publisher={Wiley Online Library}
}

@article{likert1932technique,
  title={A technique for the measurement of attitudes.},
  author={Likert, Rensis},
  journal={Archives of psychology},
  year={1932}
}

@article{blinn1976texture,
  title={Texture and reflection in computer generated images},
  author={Blinn, James F and Newell, Martin E},
  journal={Communications of the ACM},
  volume={19},
  number={10},
  pages={542--547},
  year={1976},
  publisher={ACM New York, NY, USA}
}

@article{Clay_KÃ¶nig_KÃ¶nig_2019, 
title={Eye tracking in virtual reality}, 
volume={12}, 
number={1}, 
journal={Journal of Eye Movement Research}, 
author={Clay, Viviane and KÃ¶nig, Peter and KÃ¶nig, Sabine}, 
year={2019}, 
month={Apr.} 
}

@article{razali2011power,
  title={Power comparisons of shapiro-wilk, kolmogorov-smirnov, lilliefors and anderson-darling tests},
  author={Razali, Nornadiah Mohd and Wah, Yap Bee and others},
  journal={Journal of statistical modeling and analytics},
  volume={2},
  number={1},
  pages={21--33},
  year={2011}
}

@article{bmasgk2019alkohol,
  title={Handbuch Alkohol - Ã–sterreich, Band 1: Statistiken und Berechnungsgrundlagen 2019},
  author={Bachmayer, Sonja and Strizek, Julian and Hojni, Markus and Uhl, Alfred},
  journal={Gesundheit Ã–sterreich, Wien},
  volume={7},
  year={2020}
}


@article{destatis2019alkohol,
  title={UnfÃ¤lle unter dem Einfluss von Alkohol
    oder anderen berauschenden Mitteln
    im StraÃŸenverkehr 2018},
  author={Destatis, Statistisches Bundesamt},
  year={2019},
  note={available at: https://www.destatis.de/ DE/Themen/Gesellschaft-Umwelt/Verkehrsunfaelle/Publikationen/ Downloads-Verkehrsunfaelle/ unfaelle-alkohol-5462404187004.html}
}

@article{bartl2019alkohol,
  title={Ã–sterreichische Alkolenker-Studie 2019},
  author={Bartl, Gregor},
  note={available at: http://www.alles-fuehrerschein.at/wp-content/uploads/2019/11/Presse-Info-Alkolenker-Studie-2019.pdf},
  year={2019},
  publisher={Institut alles-fÃ¼hrerschein.at}
}
